<?xml version="1.0" encoding="UTF-8"?><collection xmlns="http://www.loc.gov/MARC21/slim"><record><leader>00415nam--2200133-i-4500</leader><controlfield tag="001">000008723</controlfield><controlfield tag="002">20161230</controlfield><controlfield tag="005">20161230201027</controlfield><controlfield tag="008">060222s1000------------r-----000-0-eng-d</controlfield><datafield ind1=" " ind2=" " tag="100"><subfield code="a">Campe, Kazimieras Mindaugas Petras</subfield></datafield><datafield ind1=" " ind2=" " tag="245"><subfield code="a">Stability analysis of periodically oscillating compressible fissile media. /thesis/</subfield></datafield><datafield ind1=" " ind2=" " tag="260"><subfield code="a">Ann Arbor, University Microfilms Inc., 1966</subfield></datafield><datafield ind1=" " ind2=" " tag="490"><subfield code="a">Viii + 97 P</subfield></datafield><datafield ind1=" " ind2=" " tag="852"><subfield code="a">621.039.56</subfield></datafield></record></collection>